<?xml version="1.0" encoding="UTF-8"?><record xmlns="http://www.loc.gov/MARC21/slim" xmlns:cinclude="http://apache.org/cocoon/include/1.0" xmlns:zs="http://www.loc.gov/zing/srw/">
  <leader>00495cz  a2200133n  4500</leader>
  <controlfield tag="001">n 2001030372</controlfield>
  <controlfield tag="003">DLC</controlfield>
  <controlfield tag="005">20100623074905.0</controlfield>
  <controlfield tag="008">010313n| acannaabn          |n aaa      </controlfield>
  <datafield tag="010" ind1=" " ind2=" ">
    <subfield code="a">n 2001030372</subfield>
  </datafield>
  <datafield tag="040" ind1=" " ind2=" ">
    <subfield code="a">DLC</subfield>
    <subfield code="b">eng</subfield>
    <subfield code="c">DLC</subfield>
    <subfield code="d">DLC</subfield>
  </datafield>
  <datafield tag="100" ind1="1" ind2=" ">
    <subfield code="a">Martinek, Libor</subfield>
  </datafield>
  <datafield tag="670" ind1=" " ind2=" ">
    <subfield code="a">Pronikáni českého a polského jazyka do středověké poezie a písňové tvorby ve Slezsku, 1998:</subfield>
    <subfield code="b">t.p. (Libor Martinek)</subfield>
  </datafield>
  <datafield tag="670" ind1=" " ind2=" ">
    <subfield code="a">Setkání s jiným, 2009:</subfield>
    <subfield code="b">t.p. (Marek Mariusz Tytko) p. 115 (b. Jan. 15, 1965)</subfield>
  </datafield>
</record>